=LDR  03812 km a2200769 i 4500
=001  004784209
=003  Uk
=005  20201002154832.0
=007  kj\ho\
=008  970703s1805\\\\enknnn\\\\\\\\\\\\kneng\\
=FMT  \\$a  VM
=019  4\$am010040153
=034  0\$dW0024237$eW0024002$fN0523719$gN0523618
=040  \\$aUk$beng$cUk$dUk$erda$egihc
=042  \\$aukblsr
=082  04$a704.9444245$223
=100  1\$aOrme, Edward,$d1775-1848,$eprintmaker,$epublisher.
=245  10$aACTON BURNEL PARK. :$bThe Seat of Sir Edwd Smythe Baronet respectfully Inscribed to Mrs Fitzherbert by her most obedient Servt Edwd Orme. /$cEdwd Orme excut.
=255  \\$cW 242'37""-W 240'02""/N 5237'19""-N 5236'18"
=264  \1$a[London] :$bPublished & Sold Jany 1 1805 by Edward Orme his Majestey's Printseller 59 New Bond Street London.,$c[January 1 1805]
=300  \\$a1 print :$baquatint and etching with hand-colouring ;$cplatemark 33.7 x 43.5 cm, on sheet 42.8 x 55 cm
=336  \\$astill image$2rdacontent
=337  \\$aunmediated$2rdamedia
=338  \\$asheet$2rdacarrier
=510  3\$aBritish Museum. Catalogue of Maps, Prints, Drawings, etc., forming the geographical and topographical collection attached to the Library of his late Majesty King George the third, etc
=520  \\$aView of Acton Burnell Park. Extensive parkland with trees and hills extending to the horizon; a lake with swans on the left-hand side; houses and buildings on the right.
=520  \\$aTitled 'Acton Burnel park, by Ditto, 1805.' in the Catalogue of Maps, Prints, Drawings, etc., forming the geographical and topographical collection attached to the Library of his late Majesty King George the third, etc, London, 1829.
=650  \0$aTrees$zEngland$zShropshire$vPictorial works.
=650  \7$aLakes & ponds$zEngland$y1800-1810.$2lctgm
=650  \7$aParks$zEngland$y1800-1810.$2lctgm
=651  \0$aShropshire (England)$vPictorial works.
=655  \7$aEtchings$xHand-colored$y1800-1810.$2gmgpc
=655  \7$aAquatints$xHand-colored$y1800-1810.$2gmgpc
=655  \7$aViews$zEngland$zShropshire$y1800-1810.$2gmgpc
=700  0\$aGeorge$bIII,$cKing of Great Britain,$d1738-1820,$eformer owner.$5Uk
=700  0\$aGeorge$bIV,$cKing of Great Britain,$d1762-1830,$edonor.$5Uk
=859  \\$aXLD
=856  41$3Copy at Maps K.Top.36.20.1.c.$uhttps://www.flickr.com/photos/britishlibrary/50265141757$yDigitised item
=852  41$aBritish Library$bMAPS$jMaps K.Top.36.20.1.c.
=985  \\$aRecord amended for WR1606-1727
=CAT  \\$aCONV$b00$c20040502$lBLL01$h1039
=CAT  \\$aglobal_upd$b40$c20060416$lBLL01$h1744
=CAT  \\$aBATCH-UPD$b40$c20090403$lBLL01$h1543
=CAT  \\$aMAP-BATCH$c20090415$lBLL01$h2200
=CAT  \\$aBATCH-UPD$b00$c20090915$lBLL01$h0919
=CAT  \\$aBATCH$b00$c20091205$lBLL01$h2143
=CAT  \\$aBATCH-UPD$b00$c20110602$lBLL01$h1154
=CAT  \\$aBATCH-UPD$b00$c20121128$lBLL01$h2052
=CAT  \\$a14116$b40$c20131004$lBLL01$h1212
=CAT  \\$a14116$b40$c20131004$lBLL01$h1309
=CAT  \\$a14116$b40$c20131004$lBLL01$h1338
=CAT  \\$a14116$b40$c20131008$lBLL01$h0912
=CAT  \\$a14116$b40$c20131008$lBLL01$h0915
=CAT  \\$a7416$b40$c20131120$lBLL01$h1458
=CAT  \\$aBATCH-UPD$b40$c20140203$lBLL01$h1419
=CAT  \\$aWR13_188$c20140208$lBLL01$h1231
=CAT  \\$aW1606-1727$c20160825$lBLL01$h1841
=CAT  \\$a14346$b40$c20170421$lBLL01$h1241
=CAT  \\$aW1606-1753$c20171028$lBLL01$h1330
=CAT  \\$aW1808-1950$b20$c20181023$lBLL01$h1834
=CAT  \\$aBATCH-UPD$b20$c20181119$lBLL01$h2201
=CAT  \\$aW2009-0364$c20200911$lBLL01$h1620
=CAT  \\$aW2009-0364$c20201002$lBLL01$h1548
=FIN  \\$aY$d20131004
=LEO  \\$aMP17.0000000459
=SRC  \\$aMAP01$bbibmp17.200404.2.aa
=LAS  \\$aW2009-0364$b00$c20201002$lBLL01$h1548

