=LDR  03979 km a2200733 i 4500
=001  004816726
=003  Uk
=005  20201002154904.0
=007  kj\ho\
=008  940103s1805\\\\enknnn\\\\\\\\\\\\kneng\\
=FMT  \\$a  VM
=019  4\$am030909104
=034  0\$dW0005505$eW0005342$fN0540753$gN0540658
=040  \\$aUk$beng$cUk$dUk$erda$egihc
=042  \\$aukblsr
=082  04$a704.9444284$223
=100  1\$aFowler, William,$d1761-1832,$eprintmaker,$epublisher,$eartist.
=245  14$aTHE DEATH OF ST JOHN THE BAPTIST. :$bcopied by Permission of the Right Honorable the EARL of CARLISLE, from the Original, in Ancient Stained Glass, in His Lordship's Chapel at CASTLE HOWARD, by W. Fowler. /$cWm Fowler Delint et Fecit.
=255  \\$c(W 055.05.--W 053.42./N 5407.53.--N 5406.58.)
=264  \1$a[Winterton, Lincolnshire] :$bPublished March 12th 1805 by W. Fowler, Winterton, Lincolnshire.,$c[March 12 1805]
=300  \\$a1 print :$betching with hand-colouring ;$cplatemark 50.7 x 28.3 cm, on sheet 55.9 x 33.8 cm
=336  \\$astill image$2rdacontent
=337  \\$aunmediated$2rdamedia
=338  \\$asheet$2rdacarrier
=490  \\$aAppendix to Mosaic Pavements by William Fowler 1804
=510  3\$aBritish Museum. Catalogue of Maps, Prints, Drawings, etc., forming the geographical and topographical collection attached to the Library of his late Majesty King George the third, etc
=520  \\$aHand-coloured etching of a stained glass window depicting the death of St John the Baptist.
=520  \\$aTitled 'The Death of St. John the Baptist from ditto, by ditto, 1805.' in the Catalogue of Maps, Prints, Drawings, etc., forming the geographical and topographical collection attached to the Library of his late Majesty King George the third, etc, London, 1829.
=581  \\$aIllustration to : Appendix to Engravings of the Mosaic Pavements, which have been discovered in the course of the last and present centuries, in various parts of Great Britain. Also, engravings of several subjects in stained glass in the windows of the cathedrals of York, Lincoln &c &c by William Fowler of Winterton [1804].
=650  \0$aWindows$zEngland$zNorth Yorkshire$vPictorial works.
=650  \7$aStained glass$zEngland$y1800-1810.$2lctgm
=650  \7$aChapels$zEngland$y1800-1810.$2lctgm
=651  \0$aNorth Yorkshire (England)$vPictorial works.
=655  \7$aEtchings$xHand-colored$y1800-1810.$2gmgpc
=655  \7$aViews$zEngland$zNorth Yorkshire$y1800-1810.$2gmgpc
=700  0\$aGeorge$bIII,$cKing of Great Britain,$d1738-1820,$eformer owner.$5Uk
=700  0\$aGeorge$bIV,$cKing of Great Britain,$d1762-1830,$edonor.$5Uk
=859  \\$aXLD
=856  41$3Copy at Maps K.Top.45.18.e.$uhttps://www.flickr.com/photos/britishlibrary/50264120996$yDigitised item
=852  41$aBritish Library$bMAPS$jMaps K.Top.45.18.e.
=985  \\$aRecord amended for WR1606-1727
=CAT  \\$aCONV$b00$c20040502$lBLL01$h1040
=CAT  \\$c20050717$lBLL01$h1328
=CAT  \\$aglobal_upd$b40$c20060416$lBLL01$h1754
=CAT  \\$aBATCH-UPD$b40$c20090403$lBLL01$h1545
=CAT  \\$aMAP-BATCH$c20090415$lBLL01$h2201
=CAT  \\$aBATCH-UPD$b00$c20090915$lBLL01$h0959
=CAT  \\$aBATCH$b00$c20091205$lBLL01$h2154
=CAT  \\$aBATCH-UPD$b00$c20110602$lBLL01$h1203
=CAT  \\$aBATCH-UPD$b00$c20121128$lBLL01$h2105
=CAT  \\$a14116$b40$c20131017$lBLL01$h1624
=CAT  \\$a14116$b40$c20131017$lBLL01$h1625
=CAT  \\$aBATCH-UPD$b40$c20140203$lBLL01$h1419
=CAT  \\$aWR13_188$c20140208$lBLL01$h1232
=CAT  \\$aW1606-1727$c20160825$lBLL01$h1843
=CAT  \\$a14346$b40$c20170421$lBLL01$h1241
=CAT  \\$aW1606-1753$c20171028$lBLL01$h1330
=CAT  \\$aW1808-1950$b20$c20181023$lBLL01$h1834
=CAT  \\$aW2009-0364$c20200911$lBLL01$h1620
=CAT  \\$aW2009-0364$c20201002$lBLL01$h1549
=FIN  \\$aY$d20131017
=LEO  \\$aMP17.0000029122
=SRC  \\$aMAP01$bbibmp17.200404.2.aa
=LAS  \\$aW2009-0364$b00$c20201002$lBLL01$h1549

