=LDR  03518 km a2200721 i 4500
=001  004825644
=003  Uk
=005  20201002154914.0
=007  kj\ho\
=008  940104s1785\\\\enknnn\\\\\\\\\\\\kneng\\
=FMT  \\$a  VM
=019  4\$am040690067
=034  0\$dW0000913$eW0000038$fN0512421$gN0511947
=040  \\$aUk$beng$cUk$dUk$erda$egihc
=042  \\$aukblsr
=082  04$a704.94442191$223
=100  1\$aJukes, Francis,$d1745-1812,$eprintmaker,$epublisher.
=245  10$aView on the FOOT-ROAD to CROYDON. /$cDillon delt ; Jukes fect.
=255  \\$c(W 009.13.--W 000.38./N 5124.21.--N 5119.47.)
=264  \1$aLONDON :$bPubd Sept 6th 1785 by F Jukes No1 Howland St Rathbone Place.,$c[September 6 1785]
=300  \\$a1 print :$baquatint and etching with hand-colouring ;$cplatemark 17.5 x 22.6 cm, on sheet 21.7 x 28.9 cm
=336  \\$astill image$2rdacontent
=337  \\$aunmediated$2rdamedia
=338  \\$asheet$2rdacarrier
=500  \\$aTitled 'View on the foot Road to Croydon, by Dillon, engraved by Jukes, 1785.' in the Catalogue of Maps, Prints, Drawings, etc., forming the geographical and topographical collection attached to the Library of his late Majesty King George the third, etc, London, 1829.
=510  3\$aBritish Museum. Catalogue of Maps, Prints, Drawings, etc., forming the geographical and topographical collection attached to the Library of his late Majesty King George the third, etc
=520  \\$aA figure by a building in the middle ground; a road running through the scene; a tree on the left-hand side; a body of water and grass in the foreground.
=650  \0$aTrees$zEngland$zLondon$vPictorial works.
=650  \7$aBodies of water$zEngland$y1780-1790.$2lctgm
=650  \7$aRoads$zEngland$y1780-1790.$2lctgm
=651  \0$aLondon (England)$vPictorial works$vEarly works to 1800.
=655  \7$aEtchings$xHand-colored$y1780-1790.$2gmgpc
=655  \7$aAquatints$xHand-colored$y1780-1790.$2gmgpc
=655  \7$aViews$zEngland$zLondon$y1780-1790.$2gmgpc
=700  1\$aDillon, J.$c(Surrey artist),$eartist.
=700  0\$aGeorge$bIII,$cKing of Great Britain,$d1738-1820,$eformer owner.$5Uk
=700  0\$aGeorge$bIV,$cKing of Great Britain,$d1762-1830,$edonor.$5Uk
=859  \\$aXLD
=856  41$3Copy at Maps K.Top.40.12.e.$uhttps://www.flickr.com/photos/britishlibrary/50263562618$yDigitised item
=852  41$aBritish Library$bMAPS$jMaps K.Top.40.12.e.
=985  \\$aRecord amended for WR1606-1727
=CAT  \\$aCONV$b00$c20040502$lBLL01$h1040
=CAT  \\$aglobal_upd$b40$c20060416$lBLL01$h1757
=CAT  \\$aBATCH-UPD$b40$c20090403$lBLL01$h1546
=CAT  \\$aMAP-BATCH$c20090415$lBLL01$h2201
=CAT  \\$aBATCH-UPD$b00$c20090915$lBLL01$h1004
=CAT  \\$aBATCH$b00$c20091205$lBLL01$h2157
=CAT  \\$aBATCH-UPD$b00$c20110602$lBLL01$h1205
=CAT  \\$aBATCH-UPD$b00$c20121128$lBLL01$h2109
=CAT  \\$a14116$b40$c20131203$lBLL01$h1855
=CAT  \\$a14116$b40$c20131206$lBLL01$h0915
=CAT  \\$aBATCH-UPD$b40$c20140203$lBLL01$h1419
=CAT  \\$a7416$b40$c20140711$lBLL01$h1327
=CAT  \\$aW1606-1727$c20160825$lBLL01$h1843
=CAT  \\$a14346$b40$c20170421$lBLL01$h1240
=CAT  \\$aW1606-1753$c20171028$lBLL01$h1330
=CAT  \\$aW1808-1950$b20$c20181023$lBLL01$h1834
=CAT  \\$aW2009-0364$c20200911$lBLL01$h1620
=CAT  \\$aW2009-0364$c20201002$lBLL01$h1549
=FIN  \\$aY$d20131203
=LEO  \\$aMP17.0000037408
=SRC  \\$aMAP01$bbibmp17.200404.2.aa
=LAS  \\$aW2009-0364$b00$c20201002$lBLL01$h1549

