=LDR  04206 km a2200745 i 4500
=001  004855423
=003  Uk
=005  20201002154942.0
=007  kj\ho\
=008  940107s1801\\\\xxcnnn\\\\\\\\\\\\kneng\\
=FMT  \\$a  VM
=019  4\$am070162050
=040  \\$aUk$beng$cUk$dUk$erda$egihc
=042  \\$aukblsr
=082  04$a704.9447162$223
=100  1\$aParkyns, George Isham,$dapproximately 1750-approximately 1820,$eartist.
=245  10$aVIEW of HALIFAX from GEORGES ISLAND.
=264  \1$a[London] :$c[April 29 1801]
=300  \\$a1 print :$betching and aquatint with hand-colouring ;$csheet 39.3 x 60.2 cm
=336  \\$astill image$2rdacontent
=337  \\$aunmediated$2rdamedia
=338  \\$asheet$2rdacarrier
=500  \\$aThis print is one of four views of Halifax by George Isham Parkyns. One view bears publication and artist details. A copy of which can be found at Maps K.Top.119.79.d. A print from the same plate is in the National Archives, Canada. It is catalogued as one of a set of four prints published by Parkyns in London, England on April 29, 1801.
=500  \\$aTitled 'View of Halifax from George's Island. Ditto from Davis's Mill. View from Cowie's Hill near Halifax. View from Fort Needham near ditto, by I.G. Parkyns, 1801.' in the Catalogue of Maps, Prints, Drawings, etc., forming the geographical and topographical collection attached to the Library of his late Majesty King George the third, etc, London, 1829.
=510  3\$aBritish Museum. Catalogue of Maps, Prints, Drawings, etc., forming the geographical and topographical collection attached to the Library of his late Majesty King George the third, etc
=520  \\$aView looking from the fort at George's Island toward Halifax; cannons in the foreground; ships on the water; buildings on the opposite shore.
=585  \\$aCopy at Maps K.Top.119.79.a. Exhibited: "Europe in Canada: An exhibition to commemorate the centenary of the dominion of Canada", British Museum, London, 30 June - 10 September 1967.$5Uk
=650  \0$aShips$zNova Scotia$zGeorges Island National Historic Site of Canada$vPictorial works.
=650  \7$aForts & fortifications$zNova Scotia$zGeorges Island National Historic Site of Canada$y1800-1810.$2lctgm
=650  \7$aCannons$zNova Scotia$zGeorges Island National Historic Site of Canada$y1800-1810.$2lctgm
=651  \0$aGeorges Island National Historic Site of Canada (N.S.)$vPictorial works.
=655  \7$aEtchings$zEngland$zLondon$xHand-colored$y1800-1810.$2gmgpc
=655  \7$aViews$zEngland$zLondon$y1800-1810.$2gmgpc
=700  0\$aGeorge$bIII,$cKing of Great Britain,$d1738-1820,$eformer owner.$5Uk
=700  0\$aGeorge$bIV,$cKing of Great Britain,$d1762-1830,$edonor.$5Uk
=859  \\$aXLD
=856  41$3Copy at Maps K.Top.119.79.a.$uhttps://www.flickr.com/photos/britishlibrary/50264893948$yDigitised item
=852  41$aBritish Library$bMAPS$jMaps K.Top.119.79.a.
=985  \\$aRecord amended for WR1606-1727
=CAT  \\$aCONV$b00$c20040502$lBLL01$h1041
=CAT  \\$aglobal_upd$b40$c20060416$lBLL01$h1806
=CAT  \\$aBATCH-UPD$b40$c20090403$lBLL01$h1548
=CAT  \\$aMAP-BATCH$c20090415$lBLL01$h2202
=CAT  \\$aBATCH-UPD$b00$c20090915$lBLL01$h1025
=CAT  \\$aBATCH$b00$c20091205$lBLL01$h2208
=CAT  \\$aBATCH-UPD$b00$c20110602$lBLL01$h1213
=CAT  \\$aBATCH-UPD$b00$c20121128$lBLL01$h2123
=CAT  \\$a14116$b40$c20140109$lBLL01$h1719
=CAT  \\$a14116$b40$c20140109$lBLL01$h1720
=CAT  \\$a14116$b40$c20140110$lBLL01$h1029
=CAT  \\$a14116$b40$c20140110$lBLL01$h1131
=CAT  \\$a14116$b40$c20140110$lBLL01$h1142
=CAT  \\$a14116$b40$c20140110$lBLL01$h1158
=CAT  \\$a14116$b40$c20140110$lBLL01$h1159
=CAT  \\$a14116$b40$c20140121$lBLL01$h1024
=CAT  \\$a14116$b40$c20140127$lBLL01$h1253
=CAT  \\$aW1606-1727$c20160825$lBLL01$h1844
=CAT  \\$a14346$b40$c20170421$lBLL01$h1240
=CAT  \\$aW1606-1753$c20171028$lBLL01$h1330
=CAT  \\$aW2009-0364$c20200911$lBLL01$h1621
=CAT  \\$aW2009-0364$c20201002$lBLL01$h1549
=FIN  \\$aY$d20140109
=LEO  \\$aMP17.0000063679
=SRC  \\$aMAP01$bbibmp17.200404.2.aa
=LAS  \\$aW2009-0364$b00$c20201002$lBLL01$h1549

