=LDR  03725 km a2200769 i 4500
=001  004861686
=003  Uk
=005  20201002154949.0
=007  kj\ho\
=008  940107s1799\\\\enknnn\\\\\\\\\\\\kneng\\
=FMT  \\$a  VM
=034  0\$dW0001500$eW0001454$fN0513511$gN0513507
=040  \\$aUk$beng$cUk$dUk$erda$egihc
=042  \\$aukblsr
=082  04$a704.94442187$223
=100  1\$aJukes, Francis,$d1745-1812,$eprintmaker,$epublisher.
=245  10$aVIEW at HYDE on the EDGEWARE ROAD. /$cRathbone pinxt ; F. Jukes fecit.
=255  \\$c(W 015.00.--W 014.54./N 5135.11.--N 5135.07.)
=264  \1$aLondon :$bPub, June 20 1799 by F. Jukes Howland Street,$c[June 20 1799]
=300  \\$a1 print :$baquatint and etching with hand-colouring ;$cplatemark 27 x 34 cm on sheet, 35.6 x 49.1 cm$csheet
=336  \\$astill image$2rdacontent
=337  \\$aunmediated$2rdamedia
=338  \\$asheet$2rdacarrier
=500  \\$aTitled 'View at Hyde on the Edgeware Road, by Rathbone; engraved by Jukes, 1799.' in the Catalogue of Maps, Prints, Drawings, etc., forming the geographical and topographical collection attached to the Library of his late Majesty King George the third, etc, London, 1829.
=510  3\$aBritish Museum. Catalogue of Maps, Prints, Drawings, etc., forming the geographical and topographical collection attached to the Library of his late Majesty King George the third, etc
=520  \\$aA road with trees and houses on either side; the view looking down toward hills in the distance.
=650  \0$aLandscapes$zEngland$zLondon$vPictorial works$vEarly works to 1800.
=650  \7$aRoads$zEngland$zLondon$y1790-1800.$2lctgm
=650  \7$aBuildings$zEngland$zLondon$y1790-1800.$2lctgm
=651  \0$aLondon (England)$vPictorial works$vEarly works to 1800.
=655  \7$aEtchings$xHand-colored$zEngland$zLondon$y1790-1800.$2gmgpc
=655  \7$aAquatints$xHand-colored$zEngland$zLondon$y1790-1800.$2gmgpc
=655  \7$aViews$zEngland$zLondon$y1790-1800.$2gmgpc
=700  1\$aRathbone, John,$dapproximately 1750-1807,$eartist.
=700  0\$aGeorge$bIII,$cKing of Great Britain,$d1738-1820,$eformer owner.$5Uk
=700  0\$aGeorge$bIV,$cKing of Great Britain,$d1762-1830,$edonor.$5Uk
=859  \\$aXLD
=856  41$3Copy at Maps K.Top.30.4.$uhttps://www.flickr.com/photos/britishlibrary/50264416488$yDigitised item
=852  41$aBritish Library$bMAPS$jMaps K.Top.30.4.
=985  \\$a700/1=NEW
=985  \\$aRecord amended for WR1606-1727
=CAT  \\$aCONV$b00$c20040502$lBLL01$h1041
=CAT  \\$aglobal_upd$b40$c20060416$lBLL01$h1808
=CAT  \\$aBATCH-UPD$b40$c20090403$lBLL01$h1549
=CAT  \\$aMAP-BATCH$c20090415$lBLL01$h2202
=CAT  \\$aBATCH-UPD$b00$c20090915$lBLL01$h1030
=CAT  \\$aBATCH$b00$c20091205$lBLL01$h2210
=CAT  \\$aBATCH-UPD$b00$c20110602$lBLL01$h1214
=CAT  \\$aBATCH-UPD$b00$c20121128$lBLL01$h2125
=CAT  \\$a14116$b40$c20130718$lBLL01$h1439
=CAT  \\$aWR13.117$c20130718$lBLL01$h1857
=CAT  \\$a7416$b40$c20130729$lBLL01$h1211
=CAT  \\$a14116$b40$c20130924$lBLL01$h1401
=CAT  \\$aBATCH-UPD$b40$c20140203$lBLL01$h1419
=CAT  \\$aWR13_188$c20140208$lBLL01$h1233
=CAT  \\$a14116$b40$c20140325$lBLL01$h1858
=CAT  \\$a14116$b40$c20150615$lBLL01$h1123
=CAT  \\$aW1606-1727$c20160825$lBLL01$h1844
=CAT  \\$a14346$b40$c20170421$lBLL01$h1239
=CAT  \\$aW1606-1753$c20171028$lBLL01$h1330
=CAT  \\$aW1808-1950$b20$c20181023$lBLL01$h1834
=CAT  \\$aW2009-0364$c20200911$lBLL01$h1621
=CAT  \\$aW2009-0364$c20201002$lBLL01$h1549
=FIN  \\$aY$d20130718
=LEO  \\$aMP17.0000069284
=SRC  \\$aMAP01$bbibmp17.200404.2.aa
=LAS  \\$aW2009-0364$b00$c20201002$lBLL01$h1549

