=LDR  03658 km a2200733 i 4500
=001  004870187
=003  Uk
=005  20201002154955.0
=007  kj\ho\
=008  940108s1799\\\\enknnn\\\\\\\\\\\\kneng\\
=FMT  \\$a  VM
=034  0\$dW0001006$eW0000957$fN0513422$gN0513412
=040  \\$aUk$beng$cUk$dUk$erda$egihc
=042  \\$aukblsr
=082  04$a704.94442142$223
=100  1\$aJukes, Francis,$d1745-1812,$eprintmaker,$epublisher.
=245  10$aCAEN WOOD from HAMPSTEAD HEATH near LONDON. /$cJ. Rathbone pinxt ; F. Jukes fecit.
=255  \\$c(W 010.06.--W 009.57./N 5134.22.--N 5134.12.)
=264  \1$aLondon :$bPub. June 20 1799 by F. Jukes Howland Street,$c[June 20 1799]
=300  \\$a1 print :$baquatint and etching with hand-colouring ;$cplate 29.8 x 33.8 cm, on sheet 34.9 x 41 cm
=336  \\$astill image$2rdacontent
=337  \\$aunmediated$2rdamedia
=338  \\$asheet$2rdacarrier
=500  \\$aTitled 'Caen Wood from Hampstead Heath, by Rathbone; engraved by Jukes, 1799.' in the Catalogue of Maps, Prints, Drawings, etc., forming the geographical and topographical collection attached to the Library of his late Majesty King George the third, etc, London, 1829.
=510  3\$aBritish Museum. Catalogue of Maps, Prints, Drawings, etc., forming the geographical and topographical collection attached to the Library of his late Majesty King George the third, etc
=520  \\$aA view across Hampstead Heath looking towards Kenwood; hills, trees and grass throughout the scene; sheep grazing; buildings on a hill surrounded by trees in the distance.
=650  \0$aTrees$zEngland$zLondon$vPictorial works.
=650  \7$aHills$zEngland$zLondon$y1790-1800.$2lctgm
=650  \7$aSheep$zEngland$zLondon$y1790-1800.$2lctgm
=651  \0$aLondon (England)$vPictorial works$vEarly works to 1800.
=655  \7$aEtchings$xHand-colored$zEngland$zLondon$y1790-1800.$2gmgpc
=655  \7$aAquatints$xHand-colored$zEngland$zLondon$y1790-1800.$2gmgpc
=655  \7$aViews$zEngland$zLondon$y1790-1800.$2gmgpc
=700  1\$aRathbone, John,$dapproximately 1750-1807,$eartist.
=700  0\$aGeorge$bIII,$cKing of Great Britain,$d1738-1820,$eformer owner.$5Uk
=700  0\$aGeorge$bIV,$cKing of Great Britain,$d1762-1830,$edonor.$5Uk
=859  \\$aXLD
=856  41$3Copy at Maps K.Top.30.31.2.e.$uhttps://www.flickr.com/photos/britishlibrary/50264417913$yDigitised item
=852  41$aBritish Library$bMAPS$jMaps K.Top.30.31.2.e.
=985  \\$aRecord amended for WR1606-1727
=CAT  \\$aCONV$b00$c20040502$lBLL01$h1041
=CAT  \\$aglobal_upd$b40$c20060416$lBLL01$h1811
=CAT  \\$aBATCH-UPD$b40$c20090403$lBLL01$h1549
=CAT  \\$aMAP-BATCH$c20090415$lBLL01$h2202
=CAT  \\$aBATCH-UPD$b00$c20090915$lBLL01$h1034
=CAT  \\$aBATCH$b00$c20091205$lBLL01$h2213
=CAT  \\$aBATCH-UPD$b00$c20110602$lBLL01$h1215
=CAT  \\$aBATCH-UPD$b00$c20121128$lBLL01$h2128
=CAT  \\$a14116$b40$c20130801$lBLL01$h1143
=CAT  \\$a14116$b40$c20130801$lBLL01$h1144
=CAT  \\$a14116$b40$c20130925$lBLL01$h1125
=CAT  \\$aBATCH-UPD$b40$c20140203$lBLL01$h1419
=CAT  \\$aWR13_188$c20140208$lBLL01$h1233
=CAT  \\$a14116$b40$c20150715$lBLL01$h1654
=CAT  \\$aW1606-1727$c20160825$lBLL01$h1844
=CAT  \\$a14346$b40$c20170421$lBLL01$h1239
=CAT  \\$aW1606-1753$c20171028$lBLL01$h1330
=CAT  \\$aW1808-1950$b20$c20181023$lBLL01$h1834
=CAT  \\$aW2009-0364$c20200911$lBLL01$h1621
=CAT  \\$aW2009-0364$c20201002$lBLL01$h1549
=FIN  \\$aY$d20130801
=LEO  \\$aMP17.0000076786
=SRC  \\$aMAP01$bbibmp17.200404.2.aa
=LAS  \\$aW2009-0364$b00$c20201002$lBLL01$h1549

