=LDR  03530 km a2200721 i 4500
=001  004876566
=003  Uk
=005  20201002155000.0
=007  kj\bo\
=008  940108q16131613ne\nnn\\\\\\\\\\\\kndut\\
=FMT  \\$a  VM
=034  0\$aa$dE0053123$eE0054030$fN0504117$gN0503339$2bound
=040  \\$aUk$beng$cUk$erda$egihc
=042  \\$aukblsr
=052  7\$a912.493$2ddc
=082  04$a704.94449346$223
=100  1\$aKeere, Pieter van den,$d1571-approximately 1646,$eprintmaker.
=245  10$aLIEGE.
=255  \\$aScale not given$cE 5°31'23"-E 5°40'30"/N 50°41'17"-N 50°33'39".
=264  \1$a[Amsterdam?] :$b[publisher not identified],$c[1613?]
=300  \\$a1 print :$betching ;$cplatemark 22.9 x 30.7 cm, on sheet 26 x 33.3 cm
=336  \\$astill image$2rdacontent
=337  \\$aunmediated$2rdamedia
=338  \\$asheet$2rdacarrier
=500  \\$aFrom Lodovico Guicciardini's 'Omnium Belgii' (1613). Published together with Maps K.Top.91.35.
=510  3\$aBritish Museum, Catalogue of Maps, Prints, Drawings, etc., forming the geographical and topographical collection attached to the Library of his late Majesty King George the third, etc
=520  \\$aTitled 'An old View of Liege' in the Catalogue of Maps, Prints, Drawings, etc., forming the geographical and topographical collection attached to the Library of his late Majesty King George the third, etc, London, 1829.
=520  \\$aView of Liège from the north, with couple standing in conversation with seated woman carrying basket on her back at left in the foreground and town and river Meuse in the background; two coats of arms within laurel wreaths with title above.
=650  \0$aViews$zBelgium$zLiège$vPictorial works$vEarly works to 1800.
=650  \7$aCities & towns$zBelgium$zLiège$y1610-1620.$2lctgm
=650  \7$aRivers$zBelgium$zLiège$y1610-1620.$2lctgm
=650  \7$aChurches$zBelgium$zLiège$y1610-1620.$2lctgm
=651  \0$aLiège (Belgium)$vViews$vEarly works to 1800.
=655  \7$aEtchings$zNetherlands$zAmsterdam$y1610-1620.$2gmgpc
=655  \7$aViews$zNetherlands$zAmsterdam$y1610-1620.$2gmgpc
=700  0\$aGeorge$bIII,$cKing of Great Britain,$d1738-1820,$eformer owner.$5Uk
=700  0\$aGeorge$bIV,$cKing of Great Britain,$d1762-1830,$edonor.$5Uk
=859  \\$aXLD
=856  41$3Copy at Maps K.Top.91.55.$uhttps://www.flickr.com/photos/britishlibrary/50262733378$yDigitised item
=852  41$aBritish Library$bMAPS$jMaps K.Top.91.55.
=985  \\$aRecord amended for WR1606-1727
=CAT  \\$aCONV$b00$c20040502$lBLL01$h1041
=CAT  \\$aglobal_upd$b40$c20060416$lBLL01$h1813
=CAT  \\$aBLSS-CORR$b00$c20080705$lBLL01$h1813
=CAT  \\$aBATCH-UPD$b00$c20090403$lBLL01$h1549
=CAT  \\$aMAP-BATCH$c20090415$lBLL01$h2202
=CAT  \\$aBATCH-UPD$b00$c20090915$lBLL01$h1038
=CAT  \\$aBATCH$b00$c20091205$lBLL01$h2215
=CAT  \\$aBATCH-UPD$b00$c20110602$lBLL01$h1217
=CAT  \\$aBATCH-UPD$b00$c20121128$lBLL01$h2130
=CAT  \\$aWR13_188$c20140208$lBLL01$h1233
=CAT  \\$aW1606-1727$c20160825$lBLL01$h1844
=CAT  \\$a14159$b40$c20161013$lBLL01$h1149
=CAT  \\$a14159$b40$c20161013$lBLL01$h1150
=CAT  \\$a14159$b40$c20161013$lBLL01$h1151
=CAT  \\$a14346$b40$c20170508$lBLL01$h0904
=CAT  \\$aW2009-0364$c20200911$lBLL01$h1621
=CAT  \\$aW2009-0364$c20201002$lBLL01$h1550
=FIN  \\$aY$d20161013
=LEO  \\$aMP17.0000082943
=OBJ  \\$aY
=SRC  \\$aMAP01$bbibmp17.200404.2.aa
=LAS  \\$aW2009-0364$b00$c20201002$lBLL01$h1550

