=LDR  05060 km a2200853 i 4500
=001  004880776
=003  Uk
=005  20201002155008.0
=007  kj\ho\
=008  940109s1813\\\\enknnn\\\\\\\\\\\\kneng\\
=FMT  \\$a  VM
=034  0\$dW0001028$eW0000907$fN0513046$gN0513007
=040  \\$aUk$beng$cUk$dUk$erda$egihc
=042  \\$aukblsr
=082  04$a704.94442132$223
=100  1\$aKinnard, W.$q(William),$d-1839,$eartist,$earchitect,$epublisher.
=245  10$aTo His Royal Highness, George, Prince Regent of the United Kingdom This View of a Triumphal Arch proposed to be erected at Hyde Park Corner Commemorative of the Victories achieved by the British Arms during the reign of HIS MAJESTY KING GEORGE THE THIRD :$bIs with the GRACIOUS PERMISSION of HIS ROYAL HIGHNESS most humbly Dedicated, By HIS most dutiful and devoted Servant William Kinnard. /$cDesigned & Drawn by Wm Kinnard Archt London ; Tomkins script ; Pickett sculpt ; Etched by L.A. Atkinson & T. Baxter ; Aquatinted by R. & D. Havell.
=255  \\$c(W 010.28.--W 009.07./N 5130.46.--N 5130.07.)
=264  \1$aLondon :$bPublished April 1813 by W. KINNARD, Grays Inn. Sold by Colnaghi & Co Cockspur Street.,$c[April 1813]
=300  \\$a1 print :$betching and aquatint with hand-colouring ;$cplate 62 x 75.7 cm (cut to within plate mark on upper and lower edges), on sheet 62 x 91.2 cm
=336  \\$astill image$2rdacontent
=337  \\$aunmediated$2rdamedia
=338  \\$asheet$2rdacarrier
=500  \\$aA print from the same plate is in the Crace Collection, British Museum 1880,1113.1990.
=500  \\$aTitled 'View of a Triumphal Arch, proposed to be erected at Hyde Park Corner, commemorative of the Victories achieved by the British Arms during the Reign of His Majesty King George the Third, by William Kinnaird, engraved by Atkinson, Baxter, and R. and D. Havell, 1813.' in the Catalogue of Maps, Prints, Drawings, etc., forming the geographical and topographical collection attached to the Library of his late Majesty King George the third, etc, London, 1829.
=510  3\$aBritish Museum. Catalogue of Maps, Prints, Drawings, etc., forming the geographical and topographical collection attached to the Library of his late Majesty King George the third, etc
=520  \\$aA triumphal arch with a sculpture of Brittania on top; soldiers and horses travelling beneath; a horse and carriage on the left with trees behind; figures on the street. Title and dedication contain coat of arms.
=650  \0$aArches$zEngland$zLondon$vPictorial works.
=650  \7$aArchitecture$zEngland$zLondon$y1810-1820.$2lctgm
=650  \7$aParks$zEngland$zLondon$y1810-1820.$2lctgm
=651  \0$aLondon (England)$vPictorial works.
=655  \7$aEtchings$xHand-colored$zEngland$zLondon$y1810-1820.$2gmgpc
=655  \7$aAquatints$xHand-colored$zEngland$zLondon$y1810-1820.$2gmgpc
=655  \7$aViews$zEngland$zLondon$y1810-1820.$2gmgpc
=700  1\$aTomkins, Thomas,$d1743-1816,$eprintmaker.
=700  1\$aPickett, William,$d1792-1820,$eprintmaker.
=700  1\$aHavell, Daniel,$d-1826?,$eprintmaker.
=700  1\$aHavell, Robert,$d1769-1832,$eprintmaker.
=700  1\$aAtkinson, John Augustus,$d1775-approximately 1833,$eprintmaker.
=700  1\$aBaxter, Thomas,$d1782-1821,$eprintmaker.
=700  0\$aGeorge$bIII,$cKing of Great Britain,$d1738-1820,$eformer owner.$5Uk
=700  0\$aGeorge$bIV,$cKing of Great Britain,$d1762-1830,$edonor.$5Uk
=859  \\$aXLD
=856  41$3Copy at Maps K.Top.27.27.1.PORT.11 TAB.$uhttps://www.flickr.com/photos/britishlibrary/50265141221$yDigitised item
=852  41$aBritish Library$bMAPS$jMaps K.Top.27.27.1.PORT.11 TAB.
=985  \\$aRecord amended for WR1606-1727
=CAT  \\$aCONV$b00$c20040502$lBLL01$h1041
=CAT  \\$aglobal_upd$b40$c20060416$lBLL01$h1815
=CAT  \\$aBATCH-UPD$b40$c20090403$lBLL01$h1550
=CAT  \\$aMAP-BATCH$c20090415$lBLL01$h2203
=CAT  \\$aBATCH-UPD$b00$c20090915$lBLL01$h1045
=CAT  \\$aBATCH$b00$c20091205$lBLL01$h2217
=CAT  \\$aBATCH-UPD$b00$c20110602$lBLL01$h1218
=CAT  \\$aBATCH-UPD$b00$c20121128$lBLL01$h2133
=CAT  \\$a14116$b40$c20130702$lBLL01$h1155
=CAT  \\$a14116$b40$c20130705$lBLL01$h0946
=CAT  \\$aWR13.117$c20130718$lBLL01$h1857
=CAT  \\$a14116$b40$c20130802$lBLL01$h0941
=CAT  \\$aBATCH-UPD$b40$c20131128$lBLL01$h1823
=CAT  \\$aBATCH-UPD$b40$c20140203$lBLL01$h1419
=CAT  \\$aWR13_188$c20140208$lBLL01$h1233
=CAT  \\$a14116$b40$c20140912$lBLL01$h1146
=CAT  \\$a14116$b40$c20150615$lBLL01$h1117
=CAT  \\$a14116$b40$c20150717$lBLL01$h1134
=CAT  \\$aW1606-1727$c20160825$lBLL01$h1845
=CAT  \\$a14346$b40$c20170421$lBLL01$h1239
=CAT  \\$aW1606-1753$c20171028$lBLL01$h1330
=CAT  \\$aW1808-1950$b20$c20181023$lBLL01$h1834
=CAT  \\$aW2009-0364$c20200911$lBLL01$h1621
=CAT  \\$aW2009-0364$c20201002$lBLL01$h1550
=FIN  \\$aY$d20130702
=LEO  \\$aMP17.0000086334
=SRC  \\$aMAP01$bbibmp17.200404.2.aa
=LAS  \\$aW2009-0364$b00$c20201002$lBLL01$h1550

