=LDR  03815 km a2200709 i 4500
=001  004987910
=003  Uk
=005  20201002155209.0
=007  kd\ho\
=008  940123s1755\\\\xxcnnn\\\\\\\\\\\\kneng\\
=FMT  \\$a  VM
=019  4\$am530554054
=040  \\$aUk$beng$cUk$dUk$erda$egihc
=042  \\$aukblsr
=082  04$a704.9447151$223
=100  1\$aHamilton, John,$d-1777,$eartist.
=245  10$aView of BEAUSEJOUR from ye S.E. 1755 /$cJ. Hamilton delint et fecit.
=264  \0$c1755
=300  \\$a1 drawing :$bpen and black ink with monochrome wash ;$csheet 32.9 x 50.8 cm
=336  \\$astill image$2rdacontent
=337  \\$aunmediated$2rdamedia
=338  \\$asheet$2rdacarrier
=500  \\$aTitled 'A drawn View of Beau Sejour from the S.E., by J. Hamilton.' in the Catalogue of Maps, Prints, Drawings, etc., forming the geographical and topographical collection attached to the Library of his late Majesty King George the third, etc, London, 1829.
=500  \\$aTitled 'A "View of Beau-sejour from ye S.E., 1755;" drawn by J. Hamilton: 1 f. 7 in. x 1 f.' in the Catalogue of the manuscript maps, charts, and plans, and of the topographical drawings in the British Museum, London, 1844-1861.
=510  3\$aBritish Museum. Catalogue of Maps, Prints, Drawings, etc., forming the geographical and topographical collection attached to the Library of his late Majesty King George the third, etc
=520  \\$aView of Fort Beauséjour from the Missaguash River; buildings to the right; trees on the left; figures on boats in the foreground. Inscribed with title and dated in black ink in upper centre. Signed in black ink in the lower left-hand corner. View is numbered and a key is given in black ink in the lower right-hand corner.
=650  \0$aRivers$zNew Brunswick$zFort Cumberland$vPictorial works$vEarly works to 1800.
=650  \7$aForts & fortifications$zNew Brunswick$zFort Cumberland$y1750-1760.$2lctgm
=650  \7$aTrees$zNew Brunswick$zFort Cumberland$y1750-1760.$2lctgm
=651  \0$aFort Cumberland (N.B.)$vPictorial works$vEarly works to 1800.
=655  \7$aWatercolors$zNew Brunswick$zFort Cumberland$y1750-1760.$2gmgpc
=655  \7$aDrawings$zNew Brunswick$zFort Cumberland$y1750-1760.$2gmgpc
=655  \7$aViews$zNew Brunswick$zFort Cumberland$y1750-1760.$2gmgpc
=700  0\$aGeorge$bIII,$cKing of Great Britain,$d1738-1820,$eformer owner.$5Uk
=700  0\$aGeorge$bIV,$cKing of Great Britain,$d1762-1830,$edonor.$5Uk
=859  \\$aXLD
=856  41$3Copy at Maps K.Top.119.70.$uhttps://www.flickr.com/photos/britishlibrary/50265552461$yDigitised item
=852  41$aBritish Library$bMAPS$jMaps K.Top.119.70.
=985  \\$aCorrected by BSS-generated file
=985  \\$aRecord amended for WR1606-1727
=CAT  \\$aCONV$b00$c20040502$lBLL01$h1044
=CAT  \\$aglobal_upd$b40$c20060416$lBLL01$h1849
=CAT  \\$aBLSS-CORR$b00$c20080705$lBLL01$h2105
=CAT  \\$aBATCH-UPD$b00$c20090403$lBLL01$h1600
=CAT  \\$aMAP-BATCH$c20090415$lBLL01$h2206
=CAT  \\$aBATCH-UPD$b00$c20090915$lBLL01$h1301
=CAT  \\$aBATCH$b00$c20091205$lBLL01$h2255
=CAT  \\$aBATCH-UPD$b00$c20110602$lBLL01$h1246
=CAT  \\$aBATCH-UPD$b00$c20121128$lBLL01$h2229
=CAT  \\$a14116$b40$c20140109$lBLL01$h1550
=CAT  \\$a14116$b40$c20140109$lBLL01$h1551
=CAT  \\$a14116$b40$c20140121$lBLL01$h1016
=CAT  \\$a7416$b40$c20140718$lBLL01$h1802
=CAT  \\$aW1606-1727$c20160825$lBLL01$h1848
=CAT  \\$a14346$b40$c20170421$lBLL01$h1238
=CAT  \\$aW1606-1753$c20171028$lBLL01$h1330
=CAT  \\$aW2009-0364$c20200911$lBLL01$h1623
=CAT  \\$aW2009-0364$c20201002$lBLL01$h1552
=FIN  \\$aY$d20140109
=LEO  \\$aMP17.0000183127
=SRC  \\$aMAP01$bbibmp17.200404.2.aa
=LAS  \\$aW2009-0364$b00$c20201002$lBLL01$h1552

