=LDR  04236 km a2200649 i 4500
=001  016460564
=003  Uk
=005  20201002155218.0
=007  kd\boo
=008  940122q17651770enknnn\\\\\\\\\\\\kneng\\
=FMT  \\$a  VM
=034  0\$dW0001607$eW0001555$fN0512933$gN0512921
=040  \\$aUk$beng$cUk$dUk$erda$egihc
=042  \\$aukblsr
=082  04$a704.94442182$223
=245  02$aPART of the Mansion House and Gardens at Turnham GREEN Belonging to the Right Honorable the Earl of Egmont ;$bDrawn on the Spot in the Chinese Temple.
=255  \\$cW 016'07""-W 015'55""/N 5129'33""-N 5129'21"
=264  \0$c[around 1765-1770]
=300  \\$a1 drawing :$bpen and black ink with monochrome wash ;$csheet 51.5 x 70.7 cm
=336  \\$astill image$2rdacontent
=337  \\$aunmediated$2rdamedia
=338  \\$asheet$2rdacarrier
=500  \\$aThe Mansion House at Turnham Green was conveyed to John Perceval, 2nd Earl of Egmont (1711-1770) in 1765. This drawing must date from the five years when Egmont owned the property and estate. The house became known as Heathfield House after 1789 when it was sold to George Augustus Eliott, Lord Heathfield. This view is taken from the building adjoining the Mansion House and is looking in the opposite direction to the views depicted at Maps K.Top.30.18.a.and Maps K.Top.30.18.b. This view encompasses the recently erected Pagoda at Kew Gardens and a windmill in nearby Brentford.
=500  \\$aTitled 'Three drawn Views of the Seat of the Earl of Egmont at Turnham Green.' in the Catalogue of Maps, Prints, Drawings, etc., forming the geographical and topographical collection attached to the Library of his late Majesty King George the third, etc, London, 1829.
=500  \\$aTitled 'Three birds-eye views of the mansion-house and gardens at Turnham Green, in the Parish of Chiswick ' in the Catalogue of the manuscript maps, charts, and plans, and of the topographical drawings in the British Museum, London, 1844-1861.
=510  3\$aBritish Museum. Catalogue of Maps, Prints, Drawings, etc., forming the geographical and topographical collection attached to the Library of his late Majesty King George the third, etc
=520  \\$aA bird's-eye-view looking over extensive formal gardens; figures walking on paths; a pagoda and a windmill in the distance; trees and walls around the garden. Title inscribed in ink below the image. Title bears a coat of arms and the Perceval motto 'Sub Cruce Candida'. Inscribed 'The Pagoda in Kew gardens' in ink in the lower left-hand corner. Inscribed 'Windmill near Brentford' in ink in the lower right-hand corner.
=650  \0$aGardens$zEngland$zLondon$vPictorial works.
=650  \7$aHouses$zEngland$zLondon$y1760-1770.$2lctgm
=650  \7$aTrees$zEngland$zLondon$y1760-1770.$2lctgm
=651  \0$aLondon (England)$vPictorial works$vEarly works to 1800.
=655  \7$aWatercolors$zEngland$y1760-1770.$2gmgpc
=655  \7$aBird's-eye views$zEngland$y1760-1770.$2gmgpc
=655  \7$aDrawings$zEngland$y1760-1770.$2gmgpc
=655  \7$aViews$zEngland$y1760-1770.$2gmgpc
=700  0\$aGeorge$bIII,$cKing of Great Britain,$d1738-1820,$eformer owner.$5Uk
=700  0\$aGeorge$bIV,$cKing of Great Britain,$d1762-1830,$edonor.$5Uk
=859  \\$aXLD
=856  41$3Copy at Maps K.Top.30.18.c.$uhttps://www.flickr.com/photos/britishlibrary/50265080341$yDigitised item
=852  41$aBritish Library$bMAPS$jMaps K.Top.30.18.c.
=985  \\$aRecord amended for WR1606-1727
=CAT  \\$a14116$b40$c20130730$lBLL01$h1241
=CAT  \\$a14116$b40$c20130730$lBLL01$h1311
=CAT  \\$a14116$b40$c20130731$lBLL01$h0921
=CAT  \\$a14116$b40$c20130802$lBLL01$h0820
=CAT  \\$a14116$b40$c20130924$lBLL01$h1538
=CAT  \\$aWR13_188$c20140208$lBLL01$h1237
=CAT  \\$a14116$b40$c20150715$lBLL01$h1709
=CAT  \\$aW1606-1727$c20160825$lBLL01$h1849
=CAT  \\$a14346$b40$c20170421$lBLL01$h1236
=CAT  \\$aW1606-1753$c20171028$lBLL01$h1352
=CAT  \\$aW1808-1950$b20$c20181023$lBLL01$h1835
=CAT  \\$aW2009-0364$c20200911$lBLL01$h1623
=CAT  \\$aW2009-0364$c20201002$lBLL01$h1552
=FIN  \\$aY$d20130730
=SRC  \\$aMAP01$bbibmp17.200404.2.aa
=LAS  \\$aW2009-0364$b00$c20201002$lBLL01$h1552

